@article{nakamura1993bluffbody,
title = "Bluff-body aerodynamics and turbulence",
journal = "Journal of Wind Engineering and Industrial Aerodynamics",
volume = "49",
number = "1",
pages = "65 - 78",
year = "1993",
issn = "0167-6105",
doi = "https://doi.org/10.1016/0167-6105(93)90006-A",
url = "http://www.sciencedirect.com/science/article/pii/016761059390006A",
author = "Y. Nakamura",
}


@article{durbin2018some,
author = {Paul A. Durbin},
title = {Some Recent Developments in Turbulence Closure Modeling},
journal = {Annual Review of Fluid Mechanics},
volume = {50},
number = {1},
pages = {77-103},
year = {2018},
doi = {10.1146/annurev-fluid-122316-045020},
}









@conference{dutta2013cramerrao,
  title={Cram\'er-Rao Lower Bound Optimization of Flush Atmospheric Data System Sensor Placement},
  author={Dutta, S. and Braun, R.D.},
  booktitle={AIAA Atmospheric Flight Mechanics (AFM) Conference},
  address={Boston, MA},
  year={August 2013},
}
